
@article{szczepaniak_examining_2024,
	title = {Examining the Determinants of Poland’s Middle Class Life Satisfaction},
	volume = {172},
	issn = {1573-0921},
	url = {https://doi.org/10.1007/s11205-023-03291-7},
	doi = {10.1007/s11205-023-03291-7},
	abstract = {Recent works suggest that the increasing income inequalities decreased the middle class size and threatened life satisfaction ({LS}). However, no such studies link {LS} with middle-income class problems. The present study aims to fill this gap and characterize {LS} across the middle-income class in Poland. The main novelties are the Satisfaction with Life Scale ({SWLS}) to measure {LS} of the middle-income class in Poland and the methodological approach based on classification-regression trees ({CART}) to identify the determinants of {LS}. The analysis is conducted on the new database obtained from the survey of members of the middle-income class in Poland divided into three subgroups: the lower-middle-income class, the mid-income middle class, and the higher-middle-income class. For comparison, the low-income and high-income classes were also considered. Based on the {SWLS} results, relatively low diversity in middle-income class {LS} was identified. However, the inter-class comparison revealed that {LS} increased with belonging to a higher income class. The {CART} results support the primary importance of economic conditions such as, for instance, wealth and the level of savings in determining the middle-income class {LS} and show that their effect depends on their characteristics like professional status.},
	pages = {191--218},
	number = {1},
	journaltitle = {Social Indicators Research},
	shortjournal = {Soc Indic Res},
	author = {Szczepaniak, Małgorzata},
	urldate = {2024-06-10},
	date = {2024-03-01},
	langid = {english},
	keywords = {And regression tree ({CART}), Classification, Life satisfaction ({LS}), Middle class, Poland},
}

@online{noauthor_25_2014,
	title = {"25 lat temu nastąpił symboliczny koniec komunizmu"},
	url = {https://www.prezydent.pl/kancelaria/archiwum/archiwum-bronislawa-komorowskiego/kancelaria/aktywnosc-doradcow/25-lat-temu-nastapil-symboliczny-koniec-komunizmu,21833},
	abstract = {To było ukoronowanie pierwszego etapu zmian, zapoczątkowanych wyborami z 4 czerwca 1989 roku - tak o noweli grudniowej mówił w radiowej Jedynce prof. Tomasz Nałęcz. Dokładnie 25 lat temu Sejm zdecydował o przywróceniu godłu Polski - korony.},
	titleaddon = {Oficjalna strona Prezydenta Rzeczypospolitej Polskiej},
	urldate = {2024-06-09},
	date = {2014-12-29},
	langid = {polish},
}

@online{noauthor_meet_nodate,
	title = {Meet {OLX}, the biggest Web company you’ve never heard of},
	url = {https://fortune.com/2014/10/29/olx-emerging-markets/},
	abstract = {The largest marketplace in India, Poland, and Brazil is taking emerging markets by storm with 200 million monthly active users.},
	titleaddon = {Fortune},
	urldate = {2024-06-09},
	langid = {english},
}

@incollection{ouanes_chapter_nodate,
	title = {{CHAPTER} 1 Poland’s Transition to the Market: An Overview},
	isbn = {978-1-55775-628-2},
	url = {https://www.elibrary.imf.org/display/book/9781557756282/C01.xml},
	shorttitle = {{CHAPTER} 1 Poland’s Transition to the Market},
	abstract = {Abstract Poland was one of the first of the former centrally planned economies to launch a comprehensive program of economic transformation in the late 1980s and early 1990s. The Polish experience of liberalization and reform, which is now over five years old, can provide useful lessons for other developing and transition economies that have undertaken, or are just embarking on similar reforms.},
	booktitle = {Macroeconomic Accounting and Analysis in Transition Economies},
	publisher = {International Monetary Fund},
	author = {Ouanes, Abdessatar and Thakur, Subhash Madhav},
	urldate = {2024-06-09},
	langid = {english},
	note = {Section: Macroeconomic Accounting and Analysis in Transition Economies},
}

@online{kazmierczak_korekta_2024,
	title = {Korekta cen najmu wystartowała. Stawki zsuwają się ze szczytów},
	url = {https://www.bankier.pl/wiadomosc/Ceny-ofertowe-wynajmu-mieszkan-marzec-2024-Raport-Bankier-pl-8715138.html},
	abstract = {Po stabilizacji stawek w drugiej połowie 2023 r., początek 2024 r. przyniósł korektę na rynku najmu, w szczególności małych mieszkań – wynika z danych Otodom Analytics. Powodem jest niższy popyt i stale rosnąca podaż mieszkań na wynajem.},
	titleaddon = {Bankier.pl},
	author = {Kaźmierczak, Marcin},
	urldate = {2024-06-09},
	date = {2024-03-25},
	langid = {polish},
}
